%% This BibTeX bibliography file was created using BibDesk.
%% https://bibdesk.sourceforge.io/

%% Created for James Hobson at 2021-06-12 12:31:35 +0200 


%% Saved with string encoding Unicode (UTF-8) 



@electronic{dfbsd-phoronix,
	author = {Michael Larabel},
	date-added = {2021-06-12 12:27:16 +0200},
	date-modified = {2021-06-12 12:30:32 +0200},
	keywords = {Phoronix, BSD, DragonflyBSD},
	lastchecked = {12/06/2021},
	month = {May},
	rating = {5},
	read = {1},
	title = {DragonFlyBSD 6.0 Is Performing Very Well Against Ubuntu Linux, FreeBSD 13.0},
	url = {https://www.phoronix.com/scan.php?page=article&item=corei9-freebsd13-dfly6&num=4},
	year = {2021}}
